@article{DBLP:journals/sttt/DragomirPT20,
  author    = {Iulia Dragomir and
               Viorel Preoteasa and
               Stavros Tripakis},
  title     = {The Refinement Calculus of Reactive Systems Toolset},
  journal   = {Int. J. Softw. Tools Technol. Transf.},
  volume    = {22},
  number    = {6},
  pages     = {689--708},
  year      = {2020},
  url       = {https://doi.org/10.1007/s10009-020-00561-4},
  doi       = {10.1007/s10009-020-00561-4},
  timestamp = {Tue, 17 Nov 2020 11:22:15 +0100},
  biburl    = {https://dblp.org/rec/journals/sttt/DragomirPT20.bib},
  bibsource = {dblp computer science bibliography, https://dblp.org}
}

@misc{Kaggle2020MLSurvey,
  author = {Kaggle},
  title = {State of Data Science and Machine Learning},
  year = {2020},
  publisher = {Kaggle},
  note = {\url{https://www.kaggle.com/kaggle-survey-2020}}
}

@misc{ProvingContestBackends,
  author = {Maximilian P.L. Haslbeck, Simon Wimmer},
  title = {Platform for interactive theorem proving competitions},
  publisher = {GitHub},
  note = {\url{https://github.com/maxhaslbeck/proving-contest-backends}}
}

@manual{isabelle-system,
  author = {Makarius Wenzel},
  title = {The {Isabelle} System Manual},
  note = {\url{https://isabelle.in.tum.de/doc/system.pdf}}}