@inproceedings{IsabelleServer,
  author = {Makarius Wenzel},
  title = {{Isabelle/PIDE after 10 years of development}},
  booktitle = {13th International Workshop on User Interfaces for Theorem Provers (UITP 2018)},
  series = {Federated Logic Conference 2018},
  year = 2018,
  url = {https://sketis.net/wp-content/uploads/2018/08/isabelle-pide-uitp2018.pdf}
}
@article{FussnerShminke,
  doi = {10.48550/ARXIV.2109.05264},
  url = {https://arxiv.org/abs/2109.05264},
  author = {Fussner, Wesley and Shminke, Boris},
  keywords = {Logic in Computer Science (cs.LO), FOS: Computer and information sciences, FOS: Computer and information sciences},
  title = {{Mining counterexamples for wide-signature algebras with an Isabelle server}},
  journal = {arXiv:2109.05264 [cs.LO]},
  publisher = {arXiv},
  year = {2021},
  copyright = {Creative Commons Attribution 4.0 International}
}
@article{haslbeck2019competitive,
  title={{Competitive Proving for Fun}},
  author={Haslbeck, Maximilian PL and Wimmer, Simon},
  journal={Kalpa Publications in Computing},
  volume={10},
  pages={9--14},
  year={2019},
  publisher={EasyChair}
}
@inproceedings{DBLP:conf/mkm/LiskaLNRSSSW21,
  author    = {Martin L{\'{\i}}ska and
               D{\'{a}}vid Lupt{\'{a}}k and
               V{\'{\i}}t Novotn{\'{y}} and
               Michal Ruzicka and
               Boris Shminke and
               Petr Sojka and
               Michal Stef{\'{a}}nik and
               Makarius Wenzel},
  editor    = {Fairouz Kamareddine and
               Claudio Sacerdoti Coen},
  title     = {{CICM'21 Systems Entries}},
  booktitle = {Intelligent Computer Mathematics - 14th International Conference,
               {CICM} 2021, Timisoara, Romania, July 26-31, 2021, Proceedings},
  series    = {Lecture Notes in Computer Science},
  volume    = {12833},
  pages     = {245--248},
  publisher = {Springer},
  year      = {2021},
  url       = {https://doi.org/10.1007/978-3-030-81097-9\_20},
  doi       = {10.1007/978-3-030-81097-9\_20},
  timestamp = {Mon, 03 Jan 2022 22:24:40 +0100},
  biburl    = {https://dblp.org/rec/conf/mkm/LiskaLNRSSSW21.bib},
  bibsource = {dblp computer science bibliography, https://dblp.org}
}
@article{conda_forge_community_2015_4774216,
  author       = {conda-forge community},
  title        = {{The conda-forge Project: Community-based Software
                   Distribution Built on the conda Package Format and
                   Ecosystem}},
  month        = jul,
  year         = 2015,
  publisher    = {Zenodo},
  journal      = {Zenodo},
  doi          = {10.5281/zenodo.4774216},
  url          = {https://doi.org/10.5281/zenodo.4774216},
  volume       = {https://doi.org/10.5281/zenodo.4774216}
}
@InProceedings{ project_jupyter-proc-scipy-2018,
  author    = { {P}roject {J}upyter and {M}atthias {B}ussonnier and {J}essica {F}orde and {J}eremy {F}reeman and {B}rian {G}ranger and {T}im {H}ead and {C}hris {H}oldgraf and {K}yle {K}elley and {G}ladys {N}alvarte and {A}ndrew {O}sheroff and {M} {P}acer and {Y}uvi {P}anda and {F}ernando {P}erez and {B}enjamin {R}agan-{K}elley and {C}arol {W}illing },
  title     = { {B}inder 2.0 - {R}eproducible, interactive, sharable environments for science at scale },
  booktitle = { {P}roceedings of the 17th {P}ython in {S}cience {C}onference },
  pages     = { 113 - 120 },
  year      = { 2018 },
  editor    = { {F}atih {A}kici and {D}avid {L}ippa and {D}illon {N}iederhut and {M} {P}acer },
  doi       = { 10.25080/Majora-4af1f417-011 }
}
@article{boris_shminke_2022_6490275,
  author       = {Boris Shminke},
  title        = {{Python client for Isabelle server (0.3.5)}},
  month        = apr,
  year         = 2022,
  publisher    = {Zenodo},
  journal      = {Zenodo},
  doi          = {10.5281/zenodo.6490275},
  url          = {https://doi.org/10.5281/zenodo.6490275},
  volume       = {https://doi.org/10.5281/zenodo.6490275}
}
@article{isabelle_system_manual,
  author       = {Makarius Wenzel},
  title        = {{The Isabelle System Manual}},
  month        = dec,
  year         = 2021,
  url          = {https://isabelle.in.tum.de/dist/Isabelle2021-1/doc/system.pdf},
  volume       = {https://isabelle.in.tum.de/dist/Isabelle2021-1/doc/system.pdf},
}